@online{four,
  author = {nLab authors},
  title = {terminal coalgebra for an endofunctor},
  url = {https://ncatlab.org/nlab/show/terminal+coalgebra+for+an+endofunctor},
}

@online{five,
  author = {nLab authors},
  title = {corecursion},
  url = {https://ncatlab.org/nlab/show/corecursion},
}

@online{six,
  author = {nLab authors},
  title = {bisimulation},
  url = {https://ncatlab.org/nlab/show/bisimulation},
}

@online{seven,
  author = {nLab authors},
  title = {coinduction},
  url = {https://ncatlab.org/nlab/show/coinduction},
}

@online{eight,
  author = {nLab authors},
  title = {inductive type},
  url = {https://ncatlab.org/nlab/show/inductive+type},
}


